@book{mcguire2007getting,
  title={Getting Started with Pyparsing},
  author={McGuire, P.},
  isbn={9780596514235},
  series={O'Reilly Shortcuts},
  url={http://books.google.it/books?id=uz1polNu948C},
  year={2007},
  publisher={O'Reilly Media}
}

@book{fitting1996first,
  title={First-Order Logic and Automated Theorem Proving},
  author={Fitting, M.},
  isbn={9780387945934},
  lccn={95045225},
  series={Graduate Texts in Computer Science},
  url={http://books.google.it/books?id=nYN0dBrCpmMC},
  year={1996},
  publisher={Springer}
}

@article{d1994taming,
  title={The taming of the cut. Classical refutations with analytic cut},
  author={D'Agostino, Marcello and Mondadori, Marco},
  journal={Journal of Logic and Computation},
  volume={4},
  number={3},
  pages={285--319},
  year={1994},
  publisher={Oxford Univ Press}
}

@book{summerfield2007rapid,
  title={Rapid GUI programming with Python and Qt: the definitive guide to PyQt programming},
  author={Summerfield, Mark},
  year={2007},
  publisher={Pearson Education}
}

@book{harwani2011introduction,
  title={Introduction to Python programming and developing GUI applications with PyQT},
  author={Harwani, BM},
  year={2011},
  publisher={Cengage Learning}
}

@incollection{d1999tableau,
  title={Tableau methods for classical propositional logic},
  author={Dâ€™Agostino, Marcello},
  booktitle={Handbook of Tableau Methods},
  pages={45--123},
  year={1999},
  publisher={Springer}
}

@misc{pyparsingfaq,
	author 		= {pyparsing-public Contributors},
	title 		= {{FAQs}},
	howpublished 	= {\url{http://pyparsing-public.wikispaces.com/FAQs}},
	year={2012}
}

@inproceedings{van2007python,
  title={Python Programming Language},
  author={Van Rossum, Guido and others},
  booktitle={USENIX Annual Technical Conference},
  year={2007}
}

@book{cormen-leiserson,
  title           = {{Introduction to Algorithms, Third Edition}},
  author          = {     Thomas H. Cormen and 
                          Charles E. Leiserson and 
                          Ronald L. Rivest and 
                          Clifford Stein},
  publisher       = {{The MIT Press}},
  year            = {2009},
  month           = {September},
  edition         = {3},
  isbn            = {9780262033848},
  url             = {http://amazon.com/o/ASIN/0262033844/}
}
